@article{Venet_2011,
  doi = {10.1371/journal.pcbi.1002240},
  url = {https://doi.org/10.1371%2Fjournal.pcbi.1002240},
  year = {2011},
  month = {Oct},
  volume = {7},
  number = {10},
  pages = {e1002240},
  author = {David Venet and Jacques E. Dumont and Vincent Detours},
  editor = {Isidore Rigoutsos},
  title = {{Most random gene expression signatures are significantly associated with breast cancer outcome}},
  journal = {PLoS Comput Biol},
  issue = {10},
}
