@article{Zhou_1988,
  doi = {10.1021/bi00414a027},
  url = {https://doi.org/10.1021%2Fbi00414a027},
  year = {1988},
  month = {jul},
  publisher = {American Chemical Society ({ACS})},
  volume = {27},
  number = {14},
  pages = {5129--5135},
  author = {Junmei Zhou and Zhixiong Xue and Ziyun Du and Teri Melese and Paul D. Boyer},
  title = {{Relationship of tightly bound {ADP} and {ATP} to control and catalysis by chloroplast {ATP} synthase}},
  journal = {Biochemistry},
}


@article{Boyer_1998,
  doi = {10.1002/(sici)1521-3773(19980918)37:17<2296::aid-anie2296>3.0.co;2-w},
  url = {https://doi.org/10.1002%2F%28sici%291521-3773%2819980918%2937%3A17%3C2296%3A%3Aaid-anie2296%3E3.0.co%3B2-w},
  year = {1998},
  month = {sep},
  publisher = {Wiley-Blackwell},
  volume = {37},
  number = {17},
  pages = {2296--2307},
  author = {Paul D. Boyer},
  title = {{Energy Life, and {ATP} (Nobel Lecture)}},
  journal = {Angewandte Chemie International Edition},
}


@article{28439448,
  title = {{Spatial Determinants of Ebola Virus Disease Risk for the West African Epidemic.}},
  date = {2017 Mar 31},
  source = {PLoS Curr},
  authors = {Zinszer, K and Morrison, K and Verma, A and Brownstein, JS},
  author = {Zinszer, K and Morrison, K and Verma, A and Brownstein, JS},
  year = {2017},
  month = {Mar},
  journal = {PLoS Curr},
  volume = {9},
  number = {},
  pages = {},
  pubmed_id = {28439448},
}


@article{Schultink2017,
  title = {{Roq1 mediates recognition of the Xanthomonas and Pseudomonas effector proteins XopQ and HopQ1.}},
  date = {2017 Dec},
  source = {Plant J},
  authors = {Schultink, A and Qi, T and Lee, A and Steinbrenner, AD and Staskawicz, B},
  author = {Schultink, A and Qi, T and Lee, A and Steinbrenner, AD and Staskawicz, B},
  year = {2017},
  month = {Dec},
  journal = {Plant J},
  volume = {92},
  number = {},
  pages = {787-795},
  pubmed_id = {28891100},
}


@article{Brendolise_2018,
  doi = {10.1101/293050},
  url = {https://doi.org/10.1101%2F293050},
  year = {2018},
  month = {apr},
  publisher = {Cold Spring Harbor Laboratory},
  author = {Cyril Brendolise and Marcela Martinez-Sanchez and Arry Morel and Ronan Chen and Romain Dinis and Simon Deroles and Nemo Peeters and Erik H.A. Rikkerink and Mirco Montefiori},
  title = {{{NRG}1-mediated recognition of {HopQ}1 reveals a link between {PAMP} and Effector-triggered Immunity.}},
}


@article{Qi_2018,
  doi = {10.1101/284471},
  url = {https://doi.org/10.1101%2F284471},
  year = {2018},
  month = {mar},
  publisher = {Cold Spring Harbor Laboratory},
  author = {Tiancong Qi and Alex Schultink and Julie Pham and Myeong-Je Cho and Brian John Staskawicz},
  title = {{{NRG}1 is required for the function of the {TIR}-{NLR} immune receptors Roq1 and {RPP}1 in Nicotiana benthamiana}},
}


@article{Casey2016,
  title = {{The CC domain structure from the wheat stem rust resistance protein Sr33 challenges paradigms for dimerization in plant NLR proteins.}},
  date = {2016 Oct 17},
  source = {Proc Natl Acad Sci U S A},
  authors = {Casey, LW and Lavrencic, P and Bentham, AR and Cesari, S and Ericsson, DJ and Croll, T and Turk, D and Anderson, PA and Mark, AE and Dodds, PN and Mobli, M and Kobe, B and Williams, SJ},
  author = {Casey, LW and Lavrencic, P and Bentham, AR and Cesari, S and Ericsson, DJ and Croll, T and Turk, D and Anderson, PA and Mark, AE and Dodds, PN and Mobli, M and Kobe, B and Williams, SJ},
  year = {2016},
  month = {Oct},
  journal = {Proc Natl Acad Sci U S A},
  volume = {},
  number = {},
  pages = {},
  pubmed_id = {27791121},
}


@article{El2016,
  title = {{Structural insights into plant NLR immune receptor function.}},
  date = {2016 Nov 1},
  source = {Proc Natl Acad Sci U S A},
  authors = {El, Kasmi F and Nishimura, MT},
  author = {El, Kasmi F and Nishimura, MT},
  year = {2016},
  month = {Nov},
  journal = {Proc Natl Acad Sci U S A},
  volume = {},
  number = {},
  pages = {},
  pubmed_id = {27803318},
}


@article{27803318,
  title = {{Structural insights into plant NLR immune receptor function.}},
  date = {2016 Nov 1},
  source = {Proc Natl Acad Sci U S A},
  authors = {El Kasmi, F and Nishimura, MT},
  author = {El Kasmi, F and Nishimura, MT},
  year = {2016},
  month = {Nov},
  journal = {Proc Natl Acad Sci U S A},
  pubmed_id = {27803318},
}


@article{Park2018,
  title = {{Concerted Action of Evolutionarily Ancient and Novel SNARE Complexes in Flowering-Plant Cytokinesis.}},
  date = {2018 Feb 26},
  source = {Dev Cell},
  authors = {Park, M and Krause, C and Karnahl, M and Reichardt, I and El, Kasmi F and Mayer, U and Stierhof, YD and Hiller, U and Strompen, G and Bayer, M and Kientz, M and Sato, MH and Nishimura, MT and Dangl, JL and Sanderfoot, AA and Jürgens, G},
  author = {Park, M and Krause, C and Karnahl, M and Reichardt, I and El, Kasmi F and Mayer, U and Stierhof, YD and Hiller, U and Strompen, G and Bayer, M and Kientz, M and Sato, MH and Nishimura, MT and Dangl, JL and Sanderfoot, AA and Jürgens, G},
  year = {2018},
  month = {Feb},
  journal = {Dev Cell},
  volume = {44},
  number = {},
  pages = {500-511.e4},
  pubmed_id = {29396117},
}


@article{Jordan2011,
  title = {{The wheat Mla homologue TmMla1 exhibits an evolutionarily conserved function against powdery mildew in both wheat and barley.}},
  date = {2011 Feb},
  source = {Plant J},
  authors = {Jordan, T and Seeholzer, S and Schwizer, S and Töller, A and Somssich, IE and Keller, B},
  author = {Jordan, T and Seeholzer, S and Schwizer, S and Töller, A and Somssich, IE and Keller, B},
  year = {2011},
  month = {Feb},
  journal = {Plant J},
  volume = {65},
  number = {},
  pages = {610-21},
  pubmed_id = {21208308},
}


@article{Maekawa2011,
  title = {{Coiled-coil domain-dependent homodimerization of intracellular barley immune receptors defines a minimal functional module for triggering cell death.}},
  date = {2011 Mar 17},
  source = {Cell Host Microbe},
  authors = {Maekawa, T and Cheng, W and Spiridon, LN and Töller, A and Lukasik, E and Saijo, Y and Liu, P and Shen, QH and Micluta, MA and Somssich, IE and Takken, FLW and Petrescu, AJ and Chai, J and Schulze-Lefert, P},
  author = {Maekawa, T and Cheng, W and Spiridon, LN and Töller, A and Lukasik, E and Saijo, Y and Liu, P and Shen, QH and Micluta, MA and Somssich, IE and Takken, FLW and Petrescu, AJ and Chai, J and Schulze-Lefert, P},
  year = {2011},
  month = {Mar},
  journal = {Cell Host Microbe},
  volume = {9},
  number = {},
  pages = {187-199},
  pubmed_id = {21402358},
}


@article{Shen2007,
  title = {{Nuclear activity of MLA immune receptors links isolate-specific and basal disease-resistance responses.}},
  date = {2007 Feb 23},
  source = {Science},
  authors = {Shen, QH and Saijo, Y and Mauch, S and Biskup, C and Bieri, S and Keller, B and Seki, H and Ulker, B and Somssich, IE and Schulze-Lefert, P},
  author = {Shen, QH and Saijo, Y and Mauch, S and Biskup, C and Bieri, S and Keller, B and Seki, H and Ulker, B and Somssich, IE and Schulze-Lefert, P},
  year = {2007},
  month = {Feb},
  journal = {Science},
  volume = {315},
  number = {},
  pages = {1098-103},
  pubmed_id = {17185563},
}


@article{Giannakopoulou2016,
  title = {{Plant immunity switched from bacteria to virus.}},
  date = {2016 Apr},
  source = {Nat Biotechnol},
  authors = {Giannakopoulou, A and Bialas, A and Kamoun, S and Vleeshouwers, VG},
  author = {Giannakopoulou, A and Bialas, A and Kamoun, S and Vleeshouwers, VG},
  year = {2016},
  month = {Apr},
  journal = {Nat Biotechnol},
  volume = {34},
  number = {},
  pages = {391-2},
  pubmed_id = {27054993},
}


@article{Kim2016,
  title = {{Using decoys to expand the recognition specificity of a plant disease resistance protein.}},
  date = {2016 Feb 12},
  source = {Science},
  authors = {Kim, SH and Qi, D and Ashfield, T and Helm, M and Innes, RW},
  author = {Kim, SH and Qi, D and Ashfield, T and Helm, M and Innes, RW},
  year = {2016},
  month = {Feb},
  journal = {Science},
  volume = {351},
  number = {},
  pages = {684-7},
  pubmed_id = {26912853},
}


@article{Ade2007,
  title = {{Indirect activation of a plant nucleotide binding site-leucine-rich repeat protein by a bacterial protease.}},
  date = {2007 Feb 13},
  source = {Proc Natl Acad Sci U S A},
  authors = {Ade, J and DeYoung, BJ and Golstein, C and Innes, RW},
  author = {Ade, J and DeYoung, BJ and Golstein, C and Innes, RW},
  year = {2007},
  month = {Feb},
  journal = {Proc Natl Acad Sci U S A},
  volume = {104},
  number = {},
  pages = {2531-6},
  pubmed_id = {17277084},
}


@article{Zhang2010,
  title = {{Receptor-like cytoplasmic kinases integrate signaling from multiple plant immune receptors and are targeted by a Pseudomonas syringae effector.}},
  date = {2010 Apr 22},
  source = {Cell Host Microbe},
  authors = {Zhang, J and Li, W and Xiang, T and Liu, Z and Laluk, K and Ding, X and Zou, Y and Gao, M and Zhang, X and Chen, S and Mengiste, T and Zhang, Y and Zhou, JM},
  author = {Zhang, J and Li, W and Xiang, T and Liu, Z and Laluk, K and Ding, X and Zou, Y and Gao, M and Zhang, X and Chen, S and Mengiste, T and Zhang, Y and Zhou, JM},
  year = {2010},
  month = {Apr},
  journal = {Cell Host Microbe},
  volume = {7},
  number = {},
  pages = {290-301},
  pubmed_id = {20413097},
}
