@article{Zhou_1988,
  doi = {10.1021/bi00414a027},
  url = {https://doi.org/10.1021%2Fbi00414a027},
  year = {1988},
  month = {jul},
  publisher = {American Chemical Society ({ACS})},
  volume = {27},
  number = {14},
  pages = {5129--5135},
  author = {Junmei Zhou and Zhixiong Xue and Ziyun Du and Teri Melese and Paul D. Boyer},
  title = {{Relationship of tightly bound {ADP} and {ATP} to control and catalysis by chloroplast {ATP} synthase}},
  journal = {Biochemistry},
}


@article{Boyer_1998,
  doi = {10.1002/(sici)1521-3773(19980918)37:17<2296::aid-anie2296>3.0.co;2-w},
  url = {https://doi.org/10.1002%2F%28sici%291521-3773%2819980918%2937%3A17%3C2296%3A%3Aaid-anie2296%3E3.0.co%3B2-w},
  year = {1998},
  month = {sep},
  publisher = {Wiley-Blackwell},
  volume = {37},
  number = {17},
  pages = {2296--2307},
  author = {Paul D. Boyer},
  title = {{Energy Life, and {ATP} (Nobel Lecture)}},
  journal = {Angewandte Chemie International Edition},
}


@article{28439448,
  title = {{Spatial Determinants of Ebola Virus Disease Risk for the West African Epidemic.}},
  date = {2017 Mar 31},
  source = {PLoS Curr},
  authors = {Zinszer, K and Morrison, K and Verma, A and Brownstein, JS},
  author = {Zinszer, K and Morrison, K and Verma, A and Brownstein, JS},
  year = {2017},
  month = {Mar},
  journal = {PLoS Curr},
  volume = {9},
  number = {},
  pages = {},
  pubmed_id = {28439448},
}


@article{Schultink2017,
  title = {{Roq1 mediates recognition of the Xanthomonas and Pseudomonas effector proteins XopQ and HopQ1.}},
  date = {2017 Dec},
  source = {Plant J},
  authors = {Schultink, A and Qi, T and Lee, A and Steinbrenner, AD and Staskawicz, B},
  author = {Schultink, A and Qi, T and Lee, A and Steinbrenner, AD and Staskawicz, B},
  year = {2017},
  month = {Dec},
  journal = {Plant J},
  volume = {92},
  number = {},
  pages = {787-795},
  pubmed_id = {28891100},
}


@article{Brendolise_2018,
  doi = {10.1101/293050},
  url = {https://doi.org/10.1101%2F293050},
  year = {2018},
  month = {apr},
  publisher = {Cold Spring Harbor Laboratory},
  author = {Cyril Brendolise and Marcela Martinez-Sanchez and Arry Morel and Ronan Chen and Romain Dinis and Simon Deroles and Nemo Peeters and Erik H.A. Rikkerink and Mirco Montefiori},
  title = {{{NRG}1-mediated recognition of {HopQ}1 reveals a link between {PAMP} and Effector-triggered Immunity.}},
}


@article{Qi_2018,
  doi = {10.1101/284471},
  url = {https://doi.org/10.1101%2F284471},
  year = {2018},
  month = {mar},
  publisher = {Cold Spring Harbor Laboratory},
  author = {Tiancong Qi and Alex Schultink and Julie Pham and Myeong-Je Cho and Brian John Staskawicz},
  title = {{{NRG}1 is required for the function of the {TIR}-{NLR} immune receptors Roq1 and {RPP}1 in Nicotiana benthamiana}},
}
